<record xmlns="http://www.loc.gov/MARC21/slim" xmlns:xsi="http://www.w3.org/2001/XMLSchema-instance" xsi:schemaLocation="http://www.loc.gov/MARC21/slim http://www.loc.gov/standards/marcxml/schema/MARC21slim.xsd"><leader>     nam a22        4500</leader><controlfield tag="001">3077317</controlfield><controlfield tag="003">NNC</controlfield><controlfield tag="006">m        d        </controlfield><controlfield tag="007">cr cn |||m|||a</controlfield><controlfield tag="008">150601s1940    ua      o     000 0 ara d</controlfield><datafield ind1=" " ind2=" " tag="040"><subfield code="a">NNU</subfield><subfield code="b">eng</subfield><subfield code="e">rda</subfield><subfield code="c">NNU</subfield></datafield><datafield ind1="2" ind2=" " tag="110"><subfield code="6">880-01</subfield><subfield code="a">Ja&#772;mi&#699;at Fu&#700;a&#772;d al-Awwal.</subfield><subfield code="b">Kulli&#772;yat al-&#699;Ulu&#772;m.</subfield></datafield><datafield ind1="1" ind2="0" tag="245"><subfield code="6">880-02</subfield><subfield code="a">Silsilat ah&#803;a&#772;di&#772;th Kulli&#772;yat al-&#699;Ulu&#772;m &#699;an al-&#699;ulu&#772;m al-mubassat&#803;ah /</subfield><subfield code="b">al-Majmu&#772;&#699;ah al-u&#772;la&#769;, udhi&#772;&#699;at fi&#772; al-sanatayn al-dira&#772;si&#772;yatayn 1938-1939, 1939-1940.</subfield></datafield><datafield ind1=" " ind2=" " tag="260"><subfield code="6">880-03</subfield><subfield code="a">Mis&#803;r :</subfield><subfield code="b">Mat&#803;ba&#699;at Fath&#803; Alla&#772;h Ilya&#772;s Nu&#772;ri&#772; wa-awla&#772;dih,</subfield><subfield code="c">[1940]</subfield></datafield><datafield ind1=" " ind2=" " tag="300"><subfield code="a">online resource (206 pages)</subfield></datafield><datafield ind1=" " ind2=" " tag="336"><subfield code="a">text</subfield><subfield code="2">rdacontent</subfield></datafield><datafield ind1=" " ind2=" " tag="337"><subfield code="a">computer</subfield><subfield code="2">rdamedia</subfield></datafield><datafield ind1=" " ind2=" " tag="338"><subfield code="a">online resource</subfield><subfield code="2">rdacarrier</subfield></datafield><datafield ind1=" " ind2=" " tag="500"><subfield code="a">Non-Latin script record</subfield></datafield><datafield ind1=" " ind2=" " tag="500"><subfield code="a">Part of the Arabic Collections Online (ACO) project, contributed by Columbia University Libraries.</subfield></datafield><datafield ind1=" " ind2=" " tag="533"><subfield code="a">Electronic reproduction.</subfield><subfield code="b">New York, N.Y. :</subfield><subfield code="c">New York University,</subfield><subfield code="d">2015.</subfield><subfield code="5">NNU</subfield></datafield><datafield ind1=" " ind2="0" tag="650"><subfield code="a">Science.</subfield></datafield><datafield ind1=" " ind2="7" tag="650"><subfield code="a">Science.</subfield><subfield code="2">fast</subfield><subfield code="0">(OCoLC)fst01108176</subfield></datafield><datafield ind1="2" ind2=" " tag="710"><subfield code="a">Columbia University.</subfield><subfield code="b">Libraries.</subfield></datafield><datafield ind1="0" ind2=" " tag="730"><subfield code="a">Arabic Collections Online.</subfield></datafield><datafield ind1="0" ind2="8" tag="776"><subfield code="i">Print version:</subfield><subfield code="a">Ja&#772;mi&#699;at Fu&#700;a&#772;d al-Awwal. Kulli&#772;yat al-&#699;Ulu&#772;m.</subfield><subfield code="t">Silsilat ah&#803;a&#772;di&#772;th Kulli&#772;yat al-&#699;Ulu&#772;m &#699;an al-&#699;ulu&#772;m al-mubassat&#803;ah</subfield><subfield code="w">(NNC)3077317</subfield><subfield code="w">(OCoLC)47881983</subfield></datafield><datafield ind1="4" ind2="0" tag="856"><subfield code="u">http://hdl.handle.net/2333.1/44j0zrqh</subfield></datafield><datafield ind1="2" ind2=" " tag="880"><subfield code="6">110-01/r</subfield><subfield code="a">&#1580;&#1575;&#1605;&#1593;&#1577; &#1601;&#1572;&#1575;&#1583; &#1575;&#1604;&#1575;&#1608;&#1604;.</subfield><subfield code="b">&#1603;&#1604;&#1610;&#1577; &#1575;&#1604;&#1593;&#1604;&#1608;&#1605;.</subfield></datafield><datafield ind1="1" ind2="0" tag="880"><subfield code="6">245-02/r</subfield><subfield code="a">&#1587;&#1604;&#1587;&#1604;&#1577; &#1575;&#1581;&#1575;&#1583;&#1610;&#1579; &#1603;&#1604;&#1610;&#1577; &#1575;&#1604;&#1593;&#1604;&#1608;&#1605; &#1593;&#1606; &#1575;&#1604;&#1593;&#1604;&#1608;&#1605; &#1575;&#1604;&#1605;&#1576;&#1587;&#1591;&#1577; /</subfield><subfield code="b">&#1575;&#1604;&#1605;&#1580;&#1605;&#1608;&#1593;&#1577; &#1575;&#1604;&#1571;&#1608;&#1604;&#1609;&#1548; &#1575;&#1584;&#1610;&#1593;&#1578; &#1601;&#1610; &#1575;&#1604;&#1587;&#1606;&#1578;&#1610;&#1606; &#1575;&#1604;&#1583;&#1585;&#1575;&#1587;&#1610;&#1578;&#1610;&#1606; 1938-1939&#1548; 1939-1940.</subfield></datafield><datafield ind1=" " ind2=" " tag="880"><subfield code="6">260-03/r</subfield><subfield code="a">&#1605;&#1589;&#1585; :</subfield><subfield code="b">&#1605;&#1591;&#1576;&#1593;&#1577; &#1601;&#1578;&#1581; &#1575;&#1604;&#1604;&#1607; &#1575;&#1604;&#1610;&#1575;&#1587; &#1606;&#1608;&#1585;&#1610; &#1608;&#1575;&#1608;&#1604;&#1575;&#1583;&#1607;&#1548;</subfield><subfield code="c">[1940]</subfield></datafield><datafield ind1=" " ind2=" " tag="959"><subfield code="a">NNU</subfield><subfield code="b">WEB</subfield><subfield code="c">GENI</subfield><subfield code="t">0</subfield><subfield code="m">Electronic access</subfield><subfield code="s">01</subfield></datafield><datafield ind1=" " ind2=" " tag="999"><subfield code="i">NNC_3077317</subfield><subfield code="o">(OCoLC)ocm47881983</subfield><subfield code="s">columbia_aco000467</subfield><subfield code="e">(ERROR-880)</subfield><subfield code="s">columbia_aco000467</subfield></datafield></record>